<record><leader>00000cas a22000007a 4500</leader><controlfield tag="001">16785184</controlfield><controlfield tag="008">870930u18uuuuuutxuuu ne      0    0eng d</controlfield><datafield ind1=" " ind2=" " tag="010"><subfield code="a">sn 87090897 </subfield></datafield><datafield ind1=" " ind2=" " tag="040"><subfield code="a">PPM</subfield><subfield code="b">eng</subfield><subfield code="c">PPM</subfield><subfield code="d">OCLCQ</subfield></datafield><datafield ind1=" " ind2=" " tag="042"><subfield code="a">msc</subfield></datafield><datafield ind1="0" ind2="4" tag="245"><subfield code="a">The News=boy.</subfield></datafield><datafield ind1=" " ind2=" " tag="260"><subfield code="a">Jasper, Tex. :</subfield><subfield code="b">J.D. Ford</subfield></datafield><datafield ind1=" " ind2=" " tag="588"><subfield code="a">Description based on: Jan. 30, 1885 issue.</subfield></datafield><datafield ind1=" " ind2=" " tag="752"><subfield code="a">United States</subfield><subfield code="b">Texas</subfield><subfield code="c">Jasper</subfield><subfield code="d">Jasper.</subfield></datafield><datafield ind1="0" ind2="0" tag="780"><subfield code="t">Southeast Texan-newsboy</subfield></datafield><datafield ind1="1" ind2=" " tag="029"><subfield code="a">AU@</subfield><subfield code="b">000025831292</subfield></datafield></record>